<<<<<<< HEAD:LVF 1215/references.bib
@InProceedings{JaitlyICASSP2011,
  author = 	 {Jaitly, N and Hinton, G},
  title = 	 {Learning a better representation of speech sound waves using restricted boltzmann machines},
  OPTcrossref =  {},
  OPTkey = 	 {},
 booktitle = {ICASSP},
  OPTpages = 	 {},
  year = 	 {2011},
  OPTeditor = 	 {},
  OPTvolume = 	 {},
  OPTnumber = 	 {},
  OPTseries = 	 {},
  OPTaddress = 	 {},
  OPTmonth = 	 {},
  OPTorganization = {},
  OPTpublisher = {},
  OPTnote = 	 {},
  OPTannote = 	 {}
}

@Article{HintonSPS2012,
  author = 	 {Hinton, G and Deng, L and Yu, D and Dahl, G and Mohamed, A and Jaitly, N and Senior, A and Vanhoucke, V and Nguyen, P and Sainath, T and Kingsbury, K },
  title = 	 {Deep Neural Networks for Acoustic Modeling in Speech Recognition},
  journal = 	 {IEEE Signal Proc. Magazine},
  year = 	 {2012},
  OPTkey = 	 {},
  OPTvolume = 	 {},
  OPTnumber = 	 {},
  OPTpages = 	 {},
  month = 	 {Nov},
  OPTnote = 	 {},
  OPTannote = 	 {}
}

@conference{phillips2000noise,
  title={{Noise in mixers, oscillators, samplers, and logic: An introduction to cyclostationary noise}},
  author={Phillips, J. and Kundert, K.},
  booktitle={Custom Integrated Circuits Conference},
  pages={431--438},
  isbn={0780358090},
  year={2000},
  organization={IEEE}
}

=======
@InProceedings{JaitlyICASSP2011,
author = {Jaitly, N and Hinton, G},
title = {Learning a better representation of speech sound waves using restricted boltzmann machines},
OPTcrossref = {},
OPTkey = {},
booktitle = {ICASSP},
OPTpages = {},
year = {2011},
OPTeditor = {},
OPTvolume = {},
OPTnumber = {},
OPTseries = {},
OPTaddress = {},
OPTmonth = {},
OPTorganization = {},
OPTpublisher = {},
OPTnote = {},
OPTannote = {}
}

@Article{ HintonDropOut,
author = { N Srivastava and G Hinton and A Krizhevsky and I Sutskever and R Salakhutdinov },
title = {Dropout: A simple way to prevent neural networks from overfitting},
journal = { The Journal of Machine Learning Research},
year = {},
OPTkey = {},
OPTvolume = {15},
OPTnumber = {1},
OPTpages = {1929-1958},
month = {},
OPTnote = {},
OPTannote = {}
}

@Article{ @Article{ JaitlyAEspeech,
author = { N Jaitly and G Hinton },
title = {Using an autoencoder with deformable templates to discover features for automated speech recognition.},
journal = { INTERSPEECH},
year = {},
OPTkey = {},
OPTvolume = {},
OPTnumber = {},
OPTpages = {1737-1740},
month = {},
OPTnote = {},
OPTannote = {}
}


@conference{ HintonAlexImagenet,
title={{Imagenet classification with deep convolutional neural networks}},
author={ A Krizhevsky andI Sutskever and GE Hinton},
booktitle={},
pages={},
isbn={},
year={2000},
organization={IEEE}
}

@Article{ HintonDBM,
author = { R Salakhutdinov and G Hinton},
title = {An efficient learning procedure for deep Boltzmann machines},
journal = { Neural Computation},
year = {},
OPTkey = {},
OPTvolume = {24},
OPTnumber = {8},
OPTpages = {1967-2006},
month = {},
OPTnote = {},
OPTannote = {}
}

@Article{ HintonAlexImagenet,
author = { A Krizhevsky andI Sutskever and GE Hinton},
title = {Imagenet classification with deep convolutional neural networks},
journal = { Advances in neural information processing systems},
year = {},
OPTkey = {},
OPTvolume = {},
OPTnumber = {},
OPTpages = {1097-1105},
month = {},
OPTnote = {},
OPTannote = {}
}




@InProceedings{JaitlyICASSP2011,
  author = 	 {Jaitly, N and Hinton, G},
  title = 	 {Learning a better representation of speech sound waves using restricted boltzmann machines},
  OPTcrossref =  {},
  OPTkey = 	 {},
 booktitle = {ICASSP},
  OPTpages = 	 {},
  year = 	 {2011},
  OPTeditor = 	 {},
  OPTvolume = 	 {},
  OPTnumber = 	 {},
  OPTseries = 	 {},
  OPTaddress = 	 {},
  OPTmonth = 	 {},
  OPTorganization = {},
  OPTpublisher = {},
  OPTnote = 	 {},
  OPTannote = 	 {}
}

@Article{HintonSPS2012,
  author = 	 {Hinton, G and Deng, L and Yu, D and Dahl, G and Mohamed, A and Jaitly, N and Senior, A and Vanhoucke, V and Nguyen, P and Sainath, T and Kingsbury, K },
  title = 	 {Deep Neural Networks for Acoustic Modeling in Speech Recognition},
  journal = 	 {IEEE Signal Proc. Magazine},
  year = 	 {2012},
  OPTkey = 	 {},
  OPTvolume = 	 {},
  OPTnumber = 	 {},
  OPTpages = 	 {},
  month = 	 {Nov},
  OPTnote = 	 {},
  OPTannote = 	 {}
}

@conference{phillips2000noise,
  title={{Noise in mixers, oscillators, samplers, and logic: An introduction to cyclostationary noise}},
  author={Phillips, J. and Kundert, K.},
  booktitle={Custom Integrated Circuits Conference},
  pages={431--438},
  isbn={0780358090},
  year={2000},
  organization={IEEE}
}
>>>>>>> origin/master:references.bib
