@InProceedings{JaitlyICASSP2011,
  author = 	 {Jaitly, N and Hinton, G},
  title = 	 {Learning a better representation of speech sound waves using restricted boltzmann machines},
  OPTcrossref =  {},
  OPTkey = 	 {},
 booktitle = {ICASSP},
  OPTpages = 	 {},
  year = 	 {2011},
  OPTeditor = 	 {},
  OPTvolume = 	 {},
  OPTnumber = 	 {},
  OPTseries = 	 {},
  OPTaddress = 	 {},
  OPTmonth = 	 {},
  OPTorganization = {},
  OPTpublisher = {},
  OPTnote = 	 {},
  OPTannote = 	 {}
}

@Article{HintonSPS2012,
  author = 	 {Hinton, G and Deng, L and Yu, D and Dahl, G and Mohamed, A and Jaitly, N and Senior, A and Vanhoucke, V and Nguyen, P and Sainath, T and Kingsbury, K },
  title = 	 {Deep Neural Networks for Acoustic Modeling in Speech Recognition},
  journal = 	 {IEEE Signal Proc. Magazine},
  year = 	 {2012},
  OPTkey = 	 {},
  OPTvolume = 	 {},
  OPTnumber = 	 {},
  OPTpages = 	 {},
  month = 	 {Nov},
  OPTnote = 	 {},
  OPTannote = 	 {}
}

@conference{phillips2000noise,
  title={{Noise in mixers, oscillators, samplers, and logic: An introduction to cyclostationary noise}},
  author={Phillips, J. and Kundert, K.},
  booktitle={Custom Integrated Circuits Conference},
  pages={431--438},
  isbn={0780358090},
  year={2000},
  organization={IEEE}
}

